% Different-ography for project.

@misc{tf,
  title={{TensorFlow}: Large-Scale Machine Learning on Heterogeneous Systems},
  url={http://tensorflow.org/},
  note={Software available from tensorflow.org},
  author={
      Mart\'{\i}n~Abadi and
      Ashish~Agarwal and
      Paul~Barham and
      Eugene~Brevdo and
      Zhifeng~Chen and
      Craig~Citro and
      Greg~S.~Corrado and
      Andy~Davis and
      Jeffrey~Dean and
      Matthieu~Devin and
      Sanjay~Ghemawat and
      Ian~Goodfellow and
      Andrew~Harp and
      Geoffrey~Irving and
      Michael~Isard and
      Yangqing Jia and
      Rafal~Jozefowicz and
      Lukasz~Kaiser and
      Manjunath~Kudlur and
      Josh~Levenberg and
      Dan~Man\'{e} and
      Rajat~Monga and
      Sherry~Moore and
      Derek~Murray and
      Chris~Olah and
      Mike~Schuster and
      Jonathon~Shlens and
      Benoit~Steiner and
      Ilya~Sutskever and
      Kunal~Talwar and
      Paul~Tucker and
      Vincent~Vanhoucke and
      Vijay~Vasudevan and
      Fernanda~Vi\'{e}gas and
      Oriol~Vinyals and
      Pete~Warden and
      Martin~Wattenberg and
      Martin~Wicke and
      Yuan~Yu and
      Xiaoqiang~Zheng},
  year = {2015},
}

@ARTICLE{Mit-overfit,
  author  = {Poggio, Tomaso and Kawaguchi, Kenji and Liao, Qianli and Miranda, Brando and  Rosasco, Lorenzo and Boix, Xavier and Hidary, Jack and Mhaskar, Hrushikesh},
  title = "{Theory of Deep Learning III: explaining the non overfitting puzzle}",
  journal = {ArXiv e-prints},
  archivePrefix = "arXiv",
  eprint = {1801.00173v2},
  keywords = {Deep Learning - Overfitting},
  year = 2018,
  month = jan 
}

